<record><leader>00000cas a22000007a 4500</leader><controlfield tag="001">29206903</controlfield><controlfield tag="008">931027d19591961nmuwr ne      0    0eng d</controlfield><datafield ind1=" " ind2=" " tag="010"><subfield code="a">sn 93061793 </subfield></datafield><datafield ind1=" " ind2=" " tag="040"><subfield code="a">NVM</subfield><subfield code="b">eng</subfield><subfield code="c">NVM</subfield><subfield code="d">OCLCQ</subfield><subfield code="d">OCLCF</subfield><subfield code="d">OCLCO</subfield></datafield><datafield ind1="1" ind2=" " tag="029"><subfield code="a">AU@</subfield><subfield code="b">000025873433</subfield></datafield><datafield ind1=" " ind2=" " tag="042"><subfield code="a">msc</subfield></datafield><datafield ind1=" " ind2=" " tag="043"><subfield code="a">n-us-nm</subfield></datafield><datafield ind1="0" ind2=" " tag="130"><subfield code="a">Hatch reporter (Hatch, N.M. : 1959)</subfield></datafield><datafield ind1="1" ind2="4" tag="245"><subfield code="a">The Hatch reporter.</subfield></datafield><datafield ind1=" " ind2=" " tag="260"><subfield code="a">Hatch, N.M. :</subfield><subfield code="b">J.V. Simmons</subfield></datafield><datafield ind1=" " ind2=" " tag="300"><subfield code="a">v.</subfield></datafield><datafield ind1=" " ind2=" " tag="310"><subfield code="a">Weekly</subfield></datafield><datafield ind1="0" ind2=" " tag="362"><subfield code="a">Vol. 35, no. 17 (May 6, 1959)-v. 37, no. 10 (Mar. 9, 1961).</subfield></datafield><datafield ind1=" " ind2=" " tag="515"><subfield code="a">Continues the volume numbering of The Hatch reporter (Hatch, N.M. : 1930).</subfield></datafield><datafield ind1=" " ind2="0" tag="651"><subfield code="a">Hatch (N.M.)</subfield><subfield code="v">Newspapers.</subfield></datafield><datafield ind1=" " ind2="0" tag="651"><subfield code="a">Don&#771;a Ana County (N.M.)</subfield><subfield code="v">Newspapers.</subfield></datafield><datafield ind1=" " ind2="7" tag="655"><subfield code="a">Newspapers.</subfield><subfield code="2">fast</subfield><subfield code="0">(OCoLC)fst01423814</subfield></datafield><datafield ind1=" " ind2="7" tag="651"><subfield code="a">New Mexico</subfield><subfield code="z">Don&#771;a Ana County.</subfield><subfield code="2">fast</subfield><subfield code="0">(OCoLC)fst01219025</subfield></datafield><datafield ind1=" " ind2="7" tag="651"><subfield code="a">New Mexico</subfield><subfield code="z">Hatch.</subfield><subfield code="2">fast</subfield><subfield code="0">(OCoLC)fst01269828</subfield></datafield><datafield ind1=" " ind2=" " tag="752"><subfield code="a">United States</subfield><subfield code="b">New Mexico</subfield><subfield code="c">Don&#771;a Ana</subfield><subfield code="d">Hatch.</subfield></datafield><datafield ind1="0" ind2="4" tag="785"><subfield code="t">Las Cruces American</subfield><subfield code="w">(DLC)sn 93061607</subfield></datafield></record>